<?xml version="1.0" encoding="UTF-8"?><record xmlns="http://www.loc.gov/MARC21/slim" xmlns:cinclude="http://apache.org/cocoon/include/1.0" xmlns:zs="http://www.loc.gov/zing/srw/">
  <leader>01877cz  a2200301n  4500</leader>
  <controlfield tag="001">n  98014842 </controlfield>
  <controlfield tag="003">DLC</controlfield>
  <controlfield tag="005">20090710075430.0</controlfield>
  <controlfield tag="008">980217n| acannaabn          |b aaa      </controlfield>
  <datafield tag="010" ind1=" " ind2=" ">
    <subfield code="a">n  98014842 </subfield>
    <subfield code="z">no2006038947</subfield>
  </datafield>
  <datafield tag="035" ind1=" " ind2=" ">
    <subfield code="a">(OCoLC)oca04661878</subfield>
  </datafield>
  <datafield tag="040" ind1=" " ind2=" ">
    <subfield code="a">DLC</subfield>
    <subfield code="b">eng</subfield>
    <subfield code="c">DLC</subfield>
    <subfield code="d">DLC</subfield>
    <subfield code="d">CtY</subfield>
    <subfield code="d">NmU</subfield>
    <subfield code="d">IEN</subfield>
    <subfield code="d">DLC</subfield>
    <subfield code="d">OCoLC</subfield>
    <subfield code="d">WU</subfield>
  </datafield>
  <datafield tag="053" ind1=" " ind2="4">
    <subfield code="a">PG3949.12.U65</subfield>
    <subfield code="5">NmU</subfield>
  </datafield>
  <datafield tag="100" ind1="1" ind2=" ">
    <subfield code="a">Burakovsʹkyĭ, Oleksandr</subfield>
  </datafield>
  <datafield tag="400" ind1="1" ind2=" ">
    <subfield code="a">Burakovsky, Oleksandr</subfield>
  </datafield>
  <datafield tag="400" ind1="1" ind2=" ">
    <subfield code="a">Burakovsʹkyĭ, Oleksandr Zalmanovych</subfield>
  </datafield>
  <datafield tag="400" ind1="1" ind2=" ">
    <subfield code="a">Burakovsʹkyĭ, O. Z.</subfield>
    <subfield code="q">(Oleksandr Zalmanovych)</subfield>
  </datafield>
  <datafield tag="400" ind1="1" ind2=" ">
    <subfield code="a">Burakovskiĭ, Aleksandr Zalmanovich</subfield>
  </datafield>
  <datafield tag="400" ind1="1" ind2=" ">
    <subfield code="a">Burakovskiĭ, Aleksandr</subfield>
  </datafield>
  <datafield tag="400" ind1="1" ind2=" ">
    <subfield code="a">Burakovsky, Aleksandr</subfield>
  </datafield>
  <datafield tag="400" ind1="1" ind2=" ">
    <subfield code="a">Бураковський, Олександр</subfield>
  </datafield>
  <datafield tag="667" ind1=" " ind2=" ">
    <subfield code="a">Machine-derived non-Latin script reference project.</subfield>
  </datafield>
  <datafield tag="667" ind1=" " ind2=" ">
    <subfield code="a">Non-Latin script reference not evaluated.</subfield>
  </datafield>
  <datafield tag="670" ind1=" " ind2=" ">
    <subfield code="a">Rada nat︠s︡ionalʹnosteĭ Narodnoho rukhu Ukraïny, 1989-1993, 1995:</subfield>
    <subfield code="b">t.p. (Oleksandr Burakovsʹkyĭ) added t.p. (Oleksandr Burakovsky) p. 9 (Oleksandr Burakovsʹkyĭ, zastupnyk Holovy RN NRU, Holova RN NRU)</subfield>
  </datafield>
  <datafield tag="670" ind1=" " ind2=" ">
    <subfield code="a">Istorii︠a︡ Rady nat︠s︡ionalʹnosteĭ Narodnoho rukhu Ukraïny, 1989-1993 rr., 1999:</subfield>
    <subfield code="b">t.p. (Burakovsʹkyĭ Oleksandr Zalmanovych) p. 18 (Burakovsʹkyĭ O.Z.)</subfield>
  </datafield>
  <datafield tag="670" ind1=" " ind2=" ">
    <subfield code="a">Proshchanie s nostalʹgieĭ, 2000:</subfield>
    <subfield code="b">t.p. (Aleksandr Burakovskiĭ) t.p. verso (Aleksandr Burakovsky) p. 4 of cover (b. in Kiev, Oct., 1935; member of the Union of Writers of the USSR and the Union of Writers of the Ukraine; member of the Ukrainian Branch of the European PEN-Club; emigrated to America in Dec., 1993; leader of the Jewish renaissance in the USSR and the Ukraine, 1988-1993)</subfield>
  </datafield>
  <datafield tag="670" ind1=" " ind2=" ">
    <subfield code="a">Magnitnye termoupravli︠a︡emye ėlementy v apparature svi︠a︡zi, 1976 (PreMARC)</subfield>
  </datafield>
  <datafield tag="670" ind1=" " ind2=" ">
    <subfield code="a">Impotent, 2005:</subfield>
    <subfield code="b">t.p. (Aleksandr Burakovskiĭ) back cover (A. Burakovskiĭ; b. 1935)</subfield>
  </datafield>
</record>